<record><leader>00000cas a22000007a 4500</leader><controlfield tag="001">10909334</controlfield><controlfield tag="008">840703d18731876iaucr ne      0    0eng d</controlfield><datafield ind1=" " ind2=" " tag="010"><subfield code="a">sn 84027155 </subfield></datafield><datafield ind1=" " ind2=" " tag="040"><subfield code="a">NPU</subfield><subfield code="b">eng</subfield><subfield code="c">NPU</subfield><subfield code="d">INP</subfield><subfield code="d">NVF</subfield><subfield code="d">OCLCQ</subfield><subfield code="d">OCLCF</subfield><subfield code="d">OCLCO</subfield></datafield><datafield ind1="1" ind2=" " tag="029"><subfield code="a">AU@</subfield><subfield code="b">000020428621</subfield></datafield><datafield ind1=" " ind2=" " tag="042"><subfield code="a">msc</subfield></datafield><datafield ind1=" " ind2=" " tag="043"><subfield code="a">n-us-ia</subfield></datafield><datafield ind1="0" ind2="0" tag="245"><subfield code="a">Semi-weekly Fort Dodge times.</subfield></datafield><datafield ind1="1" ind2="3" tag="246"><subfield code="a">Fort Dodge times</subfield><subfield code="f">&lt;Jan. 1, 1874&gt;-1876</subfield></datafield><datafield ind1="1" ind2="3" tag="246"><subfield code="a">Semi-weekly times</subfield><subfield code="f">Jan. 1, 1875-1876</subfield></datafield><datafield ind1=" " ind2=" " tag="260"><subfield code="a">Fort Dodge, Iowa :</subfield><subfield code="b">L.R. Train,</subfield><subfield code="c">-1876.</subfield></datafield><datafield ind1=" " ind2=" " tag="300"><subfield code="a">v. ;</subfield><subfield code="c">51 cm.</subfield></datafield><datafield ind1=" " ind2=" " tag="310"><subfield code="a">Semiweekly</subfield></datafield><datafield ind1="1" ind2=" " tag="362"><subfield code="a">Began Feb. 11, 1873.</subfield><subfield code="z">Cf. Fort Dodge times (Fort Dodge, Iowa : 1868), Feb. 7, 1873 issue.</subfield></datafield><datafield ind1="0" ind2=" " tag="362"><subfield code="a">-v. 4, no. 66 (Aug. 15, 1876).</subfield></datafield><datafield ind1=" " ind2=" " tag="515"><subfield code="a">Suspended July 10, 1874-Jan. 1, 1875.</subfield></datafield><datafield ind1=" " ind2=" " tag="515"><subfield code="a">Frequent errors in numbering.</subfield></datafield><datafield ind1=" " ind2=" " tag="588"><subfield code="a">Description based on: Vol. 1, no. 21 (Apr. 22, 1873).</subfield></datafield><datafield ind1=" " ind2="0" tag="651"><subfield code="a">Fort Dodge (Iowa)</subfield><subfield code="v">Newspapers.</subfield></datafield><datafield ind1=" " ind2="7" tag="655"><subfield code="a">Newspapers.</subfield><subfield code="2">fast</subfield><subfield code="0">(OCoLC)fst01423814</subfield></datafield><datafield ind1=" " ind2="7" tag="651"><subfield code="a">Iowa</subfield><subfield code="z">Fort Dodge.</subfield><subfield code="2">fast</subfield><subfield code="0">(OCoLC)fst01208885</subfield></datafield><datafield ind1=" " ind2=" " tag="752"><subfield code="a">United States</subfield><subfield code="b">Iowa</subfield><subfield code="c">Webster</subfield><subfield code="d">Fort Dodge.</subfield></datafield><datafield ind1="1" ind2=" " tag="775"><subfield code="t">Weekly Fort Dodge times</subfield><subfield code="w">(DLC)sn 84038169</subfield></datafield><datafield ind1="0" ind2="0" tag="780"><subfield code="t">Fort Dodge times (Fort Dodge, Iowa : 1868)</subfield><subfield code="w">(DLC)sn 86060912</subfield></datafield><datafield ind1="0" ind2="0" tag="785"><subfield code="t">Fort Dodge times (Fort Dodge, Iowa : 1876)</subfield><subfield code="w">(DLC)sn 84038170</subfield></datafield></record>